@online{pebblewebsite,
	author = {Pebble~developers},
	title = {Pebble Templates},
	date = {2020-09-12},
	url = {https://pebbletemplates.io/},
}

@online{intellijwebsite,
	author = {JetBrains~s.r.o.},
	title = {IntelliJ IDEA: The Java IDE for Professional Developers by JetBrains},
	date = {2020-09-12},
	url = {https://www.jetbrains.com/idea/},
}

@online{oraclethejavalangenvironment,
	author = {Oracle~Corporation},
	title = {The Java Language Environment},
	date = {2020-09-12},
	url = {https://www.oracle.com/java/technologies/introduction-to-Java.html},
}

@online{gradlewebsite,
	author = {Gradle~Inc.},
	title = {Gradle Build Tool},
	date = {2020-09-12},
	url = {https://gradle.org/},
}

@misc{stevenjzeilintegrated,
	author = {Steven J Zeil},
	title = {Integrated Development Environments},
	date = {2020-09-12},
	url = {https://www.cs.odu.edu/~zeil/cs350/f17/Public/IDEs/index.html},
}

@misc{idewikipedia,
	author = "{Wikipedia~contributors}",
	title = "Integrated development environment --- {Wikipedia}{,} The Free Encyclopedia",
	year = "2020",
	url = "https://en.wikipedia.org/w/index.php?title=Integrated_development_environment\&oldid=971391270",
	note = "[Online; accessed 12-September-2020]"
}

@online{gsongithub,
	author = {GSON~contributors},
	title = {google/gson: A Java serialization/deserialization library to convert Java Objects into JSON and back},
	date = {2020-09-12},
	url = {https://github.com/google/gson},
}

@online{jsoupwebsite,
	author = {Jonathan Hedley},
	title = {jsoup Java HTML Parser, with the best of HTML5 DOM methods and CSS selectors.},
	date = {2020-09-12},
	url = {https://jsoup.org/},
}

@online{zip4jwebsite,
	author = {Srikanth Reddy Lingala},
	title = {zip4j - lingala.net},
	date = {2020-09-12},
	url = {http://www.lingala.net/zip4j.html},
}

@online{junit5website,
	author = {JUnit~contributors},
	title = {JUnit 5},
	date = {2020-09-12},
	url = {https://junit.org/junit5/},
}

@misc{junitplatformlauncherdocs,
	author = {JUnit~contributors},
	title = {org.junit.platform.launcher (JUnit 5.6.2 API)},
	date = {2020-09-12},
	url = {https://junit.org/junit5/docs/current/api/org.junit.platform.launcher/org/junit/platform/launcher/package-summary.html},
}

@online{simplejavamailwebsite,
	author = {Benny Bottema},
	title = {Simple Java Mail},
	date = {2020-09-12},
	url = {http://www.simplejavamail.org/},
}

@online{sparkwebsite,
	author = {Spark~contributors},
	title = {Spark Framework: An expressive web framework for Kotlin and Java},
	date = {2020-09-12},
	url = {http://sparkjava.com/},
}

@online{jplagwebsite,
	author = {JPlag~contributors},
	title = {JPlag - Detecting Software Plagiarism},
	date = {2020-09-13},
	url = {https://jplag.ipd.kit.edu/},
}

@online{preactwebsite,
	author = {Preact~contributors},
	title = {Preact | Preact: Fast 3kb React alternative with the same ES6 API. Components \& Virtual DOM.},
	date = {2020-09-13},
	url = {https://preactjs.com/},
}

@online{javalinwebsite,
	author = {Javalin~contributors},
	title = {Javalin - A lightweight Java and Kotlin web framework},
	date = {2020-09-13},
	url = {https://javalin.io/},
}

@online{springsecuritywebsite,
	title = {Spring Security},
	date = {2020-09-13},
	url = {https://spring.io/projects/spring-security},
}

@proceedings{javacryptographyusesinthewild,
	author = {Mohammadreza Hazhirpasand and Mohammad Ghafari and Oscar Nierstrasz},
	title = {Java Cryptography Uses in the Wild},
	date = {2020-09-02},
	url = {https://arxiv.org/abs/2009.01101v1},
	OPTeventtitle = {ESEM},
	OPTeventdate = {2020},
}

@online{springdocssecurityencryptors,
	title = {Encryptors (spring-security-docs-manual 5.3.3.RELEASE API)},
	date = {2020-09-15},
	url = {https://docs.spring.io/spring-security/site/docs/5.3.3.RELEASE/api/org/springframework/security/crypto/encrypt/Encryptors.html},
}

@online{owaspcsrfcheatsheet,
	title = {Cross-Site Request Forgery Prevention - OWASP Cheat Sheet Series},
	date = {2020-09-15},
	url = {https://cheatsheetseries.owasp.org/cheatsheets/Cross-Site_Request_Forgery_Prevention_Cheat_Sheet.html},
}

@online{gcewebsite,
	author = {Google~LLC},
	title = {Compute Engine: Virtual Machines (VMs)  |  Google Cloud},
	date = {2020-09-15},
	url = {https://cloud.google.com/compute},
}

@online{aboutdebian,
	author = {Debian~contributors},
	title = {Debian -- About Debian},
	date = {2020-09-15},
	url = {https://www.debian.org/intro/about},
}

@online{caddywebsite,
	title = {Caddy - The Ultimate Server with Automatic HTTPS},
	date = {2020-09-15},
	url = {https://caddyserver.com/},
}
